@article{Introduction,
author = {Ammann, Paul and Offutt, Jeff},
journal = {Cambridge University Press},
title = {{Introduction to software testing}},
year = {2016},
language = {english},
hyphenation = {english}
}

@ONLINE{GCOV,
title = {{gcov official site}},
url = {http://gcc.gnu.org/onlinedocs/gcc/Gcov.html},
note = {\url{http://gcc.gnu.org/onlinedocs/gcc/Gcov.html}}
}


@ONLINE{Verifikacija,
title = {{Verifikacija softvera}},
author = {Vujošević Janičić, Milena},
url = {http://www.programskijezici.matf.bg.ac.rs/vs/predavanja/03\_dinamicka\_analiza/03\_dinamicka\_analiza.pdf},
note = {\url{http://www.verifikacijasoftvera.matf.bg.ac.rs/vs/predavanja/03\_dinamicka\_analiza/03\_dinamicka\_analiza.pdf}}
}

@article{Gupta,
author = {Gupta, V.},
journal = {APPLIED COMPUTING CONFERENCE (ACC '08), Istanbul, Turkey},
title = {{Measurement of Dynamic Metrics Using Dynamic Analysis of Programs}},
year = {2008},
language = {english},
hyphenation = {english}
}

@article{PGO,
author = {Homescu, A.},
journal = {Proceedings of the 2013 IEEE/ACM International Symposium on Code Generation and Optimization (CGO). IEEE Computer Society},
title = {{Profile-guided automated software diversity}},
year = {2013},
language = {english},
hyphenation = {english}
}

@ONLINE{SCI,
title = {{Source code instrumentation overview}},
url = {https://www.ibm.com/support/knowledgecenter/SSSHUF\_8.0.0/com.ibm.rational.testrt.doc/topics/cinstruovw.html},
note = {\url{https://www.ibm.com/support/knowledgecenter/SSSHUF\_8.0.0/com.ibm.rational.testrt.doc/topics/cinstruovw.html}}
}

@article{Testing,
author = {Brader, R and Hilliker, H and Wills, A},
journal = {Microsoft Developer Guidance},
title = {{Unit Testing: Testing the Inside}},
year = {2013},
language = {english},
hyphenation = {english}
}

@article{Ecl,
author = {William, L and Smith, B and Heckman, S},
journal = {Technical Report Raleigh},
title = {{Test Coverage with EclEmma}},
year = {2008},
language = {english},
hyphenation = {english}
}

@article{Warrning,
author = {Glower, A},
journal = {IBM Developer Works blog post},
title = {{In pursuit of code quality: Don’t be fooled by the coverage report}},
year = {2006},
language = {english},
hyphenation = {english}
}

@article{Misuse,
author = {Marick, B},
journal = {Proceedings of the 16th Interational Conference on Testing Computer Software},
title = {{How to misuse code coverage}},
year = {1999},
language = {english},
hyphenation = {english}
}

@article{Pizza,
author = {Piziali, A},
journal = {Springer Science \& Business Media},
title = {{“Code coverage,” in Functional verification coverage measurement and analysis}},
year = {2007},
language = {english},
hyphenation = {english}
}

@ONLINE{CodeCoverage,
title = {{Code Coverage with gcov}},
url = {https://web.archive.org/web/20140409083331/http://xview.net/papers/gcov/code\_coverage\_gcov.pdf},
note = {\url{https://web.archive.org/web/20140409083331/http://xview.net/papers/gcov/code\_coverage\_gcov.pdf}}
}

@article{Static,
author = {Nielson, F and Nielson, H. R. and Hankin, C},
journal = {Springer Science \& Business Media},
title = {{Principles of program analysis}},
year = {2015},
language = {english},
hyphenation = {english}
}

@ONLINE{Malkov,
title = {{Razvoj softvera - materijali sa predavanja}},
url = {http://poincare.matf.bg.ac.rs/~smalkov/files/rs.r290.2018/public/Predavanja/Razvoj%20softvera.01.2017%20-%20problemi,%20oo,%20uml.p4.pdf},
note = {\url{http://poincare.matf.bg.ac.rs/~smalkov/files/rs.r290.2018/public/Predavanja/Razvoj%20softvera.01.2017%20-%20problemi,%20oo,%20uml.p4.pdf}}
}

@article{Simbolicko,
  title={{A survey of symbolic execution techniques}},
  author={Baldoni, Roberto and Coppa, Emilio and D’elia, Daniele Cono and Demetrescu, Camil and Finocchi, Irene},
  journal={ACM Computing Surveys (CSUR)},
  volume={51},
  number={3},
  pages={50},
  year={2018},
  publisher={ACM}
}

@book{TestModel,
  title={{Handbook of model checking}},
  author={Clarke, Edmund M and Henzinger, Thomas A and Veith, Helmut and Bloem, Roderick},
  year={2018},
  publisher={Springer}
}

@inproceedings{Apstraktno,
  title={{Abstract interpretation: a unified lattice model for static analysis of programs by construction or approximation of fixpoints}},
  author={Cousot, Patrick and Cousot, Radhia},
  booktitle={Proceedings of the 4th ACM SIGACT-SIGPLAN symposium on Principles of programming languages},
  pages={238--252},
  year={1977},
  organization={ACM}
}

@ONLINE{GCC,
title = {{GCC, the GNU Compiler Collection}},
url = {https://gcc.gnu.org},
note = {\url{https://gcc.gnu.org}}
}

@ONLINE{ICC,
title = {{Intel® Parallel Studio XE 2018: Getting Started with the Intel® C++ Compiler 18.0 for Linux*}},
url = {https://software.intel.com/en-us/get-started-with-cpp-compiler-18.0-for-linux-parallel-studio-xe-2018},
note = {\url{https://software.intel.com/en-us/get-started-with-cpp-compiler-18.0-for-linux-parallel-studio-xe-2018}}
}

@ONLINE{CLANG,
title = {{Clang: a C language family frontend for LLVM}},
url = {https://clang.llvm.org/},
note = {\url{https://clang.llvm.org/}}
}

@article{staVSdinLINK,
  title={{The inside story on shared libraries and dynamic loading}},
  author={Beazley, David M and Ward, Brian D and Cooke, Ian R},
  journal={Computing in Science \& Engineering},
  volume={3},
  number={5},
  pages={90--97},
  year={2001},
  publisher={IEEE}
}

@inproceedings{QEMU,
  title={{QEMU, a fast and portable dynamic translator.}},
  author={Bellard, Fabrice},
  booktitle={USENIX Annual Technical Conference, FREENIX Track},
  volume={41},
  pages={46},
  year={2005}
}

@article{ETRAN,
  title={{Proširenje alata za profajliranje mogućnošću prikupljanja i prikaza podataka o pokrivenosti koda tokom izvršavanja}},
  author={Nikolić, Marina and Nikolić, Mladen and Ristivojević, Darko},
  journal={Zbornik 61. Konferencije za elektroniku, telekomunikacije, ra{\v{c}}unarstvo, automatiku i nuklearnu tehniku, ETRAN 2017},
  pages={6},
  year={2017},
  url = {https://www.etran.rs/common/pages/proceedings/ETRAN2017/RT/IcETRAN2017\_paper\_RT2\_1.pdf},
  note = {\url{https://www.etran.rs/common/pages/proceedings/ETRAN2017/RT/IcETRAN2017\_paper\_RT2\_1.pdf}}
}